@ARTICLE{Figueredo:2009dg,
   author = {Figueredo, A.~J. and Wolf, P. S.~A.},
   title = {Assortative pairing and life history strategy - a cross-cultural study.},
   journal = {Human Nature},
   volume = {20},
   pages = {317-330},
   year = {2009}
}

@ARTICLE{Irvine:modelling,
	author = {Irvine MA, Kuo M, Buxton J, Balshaw R, Otterstatter M, Macdougall L, et al. },
	title = {Modelling the combined impact of interventions in averting deaths during a synthetic-opioid overdose epidemic.},
	journal =  {Addiction},
	year = {2019}
}

@article{arviz_2019,
	title = {{ArviZ} a unified library for exploratory analysis of {Bayesian} models in {Python}},
	author = {Kumar, Ravin and Carroll, Colin and Hartikainen, Ari and Martin, Osvaldo A.},
	journal = {The Journal of Open Source Software},
	year = {2019},
	doi = {10.21105/joss.01143},
	url = {http://joss.theoj.org/papers/10.21105/joss.01143},
}