@ARTICLE{Figueredo:2009dg,
   author = {Figueredo, A.~J. and Wolf, P. S.~A.},
   title = {Assortative pairing and life history strategy - a cross-cultural study.},
   journal = {Human Nature},
   volume = {20},
   pages = {317-330},
   year = {2009}
}

@ARTICLE{Irvine:modelling,
	author = {Irvine MA, Kuo M, Buxton J, Balshaw R, Otterstatter M, Macdougall L, et al. },
	title = {Modelling the combined impact of interventions in averting deaths during a synthetic-opioid overdose epidemic.},
	journal =  {Addiction},
	year = {2019}
}

@article{arviz_2019,
	title = {{ArviZ} a unified library for exploratory analysis of {Bayesian} models in {Python}},
	author = {Kumar, Ravin and Carroll, Colin and Hartikainen, Ari and Martin, Osvaldo A.},
	journal = {The Journal of Open Source Software},
	year = {2019},
	doi = {10.21105/joss.01143},
	url = {http://joss.theoj.org/papers/10.21105/joss.01143},
}

@misc{opioid_desc,
	author    = {Cooper Smith},
	title     = {{What Is the Opioid Epidemic?}},
	url ="https://www.addictioncenter.com/opiates/opioid-epidemic/",
	year     = {2019},
}

@online{bccdc_opioid,
	author = {BC Center for Disease Control},
	title = {{BC Overdose Prevention Services Guide}},
	year     = {2019},
	 url = {http://www.bccdc.ca/resource-gallery/Documents/Guidelines%20and%20Forms/Guidelines%20and%20Manuals/Epid/Other/BC%20Overdose%20Prevention%20Services%20Guide_Jan2019_Final.pdf}
}

@misc{wiki_bayes,
	title     = "Bayesian statistics--- {W}ikipedia{,} The Free Encyclopedia",
	year     = "2020",
	url = "https://en.wikipedia.org/wiki/Bayesian_statistics"
}

@misc{chain_rule,
	author = {{Chain rule (probability)}},
	title = "Chain rule (probability) --- {W}ikipedia{,} The Free Encyclopedia",
	year = "2020",
	url = "https://en.wikipedia.org/wiki/Chain_rule_(probability)"
}


@book{bda_galman,
	author    = {Gelman, Andrew and Carlin, John and Stern, Hal and  Dunson, David and  Vehtari, Aki and Rubin, Donald},
	title     = {Bayesian Data Analysis},
	year      = {2014},
	publisher ={CRC Press},
	address   = {6000 Broken Sound Parkway NW, Suite 300 Boca Raton, FL 33487-2742}
}

@book{gill,
	author    = {Boca Raton},
	title     = {Bayesian methods for the social and behavioral sciences.},
	year      = {2002},
	publisher ={Florida: CRC Press},
}


@article{pymc3,
	author = {Salvatier J. and Wiecki T.V. and Fonnesbeck C. },
	title = {{Probabilistic programming in Python using PyMC3}},
	year = {2016},
	journal = {PeerJ Computer Science},
	doi = {10.7717/peerj-cs.55.]
}

@misc{paul,
	author = {Paul Gustafson}, 
	title = {{Lecture note 1 in STATISTICAL THEORY FOR THE DESIGN AND ANALYSIS OF CLINICAL STUDIES: Bayesian Inference in Latent Variable Models}}, month={March},
	year = {2020}
}

@book{doing_bayes,
author = {Kruschke, John K.},
title = {Doing Bayesian Data Analysis: A Tutorial with R and BUGS},
year = {2010},
isbn = {0123814855},
publisher = {Academic Press, Inc.},
address = {USA},
edition = {1st}
}

 @Article{jags,
title = {{runjags}: An {R} Package Providing Interface Utilities,
Model Templates, Parallel Computing Methods and Additional
Distributions for {MCMC} Models in {JAGS}},
author = {Matthew J. Denwood},
journal = {Journal of Statistical Software},
year = {2016},
volume = {71},
number = {9},
pages = {1--25},
doi = {10.18637/jss.v071.i09},
}

  @Manual{r_lan,
title = {R: A Language and Environment for Statistical Computing},
author = {{R Core Team}},
organization = {R Foundation for Statistical Computing},
address = {Vienna, Austria},
year = {2013},
url = {http://www.R-project.org/},
}